@article{Schmidt2009,
    title = {{Error Correction in Single-Hop Wireless Sensor Networks - A Case Study}},
    year = {2009},
    journal = {Design, Automation {\&} Test in Europe Conference {\&} Exhibition, 2009. DATE '09.},
    author = {Schmidt, D. and Berning, M. and Wehn, N.},
    pages = {1296--1301},
    url = {http://ieeexplore.ieee.org/xpl/freeabs_all.jsp?arnumber=5090865},
    isbn = {9783981080155}
}

@inproceedings{Ahmad2007,
    title = {{A Practical Hybrid-ARQ Protocol Using Noncoherent Orthogonal Modulation}},
    year = {2007},
    booktitle = {2007 41st Annual Conference on Information Sciences and Systems},
    author = {Ahmad, Syed Amaar and Valenti, Matthew C.},
    month = {3},
    pages = {484--489},
    publisher = {IEEE},
    url = {http://ieeexplore.ieee.org/document/4298354/},
    isbn = {1-4244-1063-3},
    doi = {10.1109/CISS.2007.4298354}
}

@inproceedings{Eriksson2011,
    title = {{On Hybrid ARQ adaptive Forward Error Correction in wireless sensor networks}},
    year = {2011},
    booktitle = {IECON 2011 - 37th Annual Conference of the IEEE Industrial Electronics Society},
    author = {Eriksson, Oskar and Bjornemo, Erik and Ahlen, Anders and Gidlund, Mikael},
    month = {11},
    pages = {3004--3010},
    publisher = {IEEE},
    url = {http://ieeexplore.ieee.org/document/6119788/},
    isbn = {978-1-61284-972-0},
    doi = {10.1109/IECON.2011.6119788},
    issn = {1553572X},
    keywords = {ARQ, FEC, HARQ, adaptive FEC I., adaptive fec, fec, forward error correction, harq, hybrid, hybrid arq, process control, wireless sensor networks}
}

@inproceedings{Kleinschmidt2009,
    title = {{Adaptive error control using ARQ and BCH codes in sensor networks using coverage area information}},
    year = {2009},
    booktitle = {2009 IEEE 20th International Symposium on Personal, Indoor and Mobile Radio Communications},
    author = {Kleinschmidt, Joao Henrique and da Cunha Borelli, Walter},
    month = {9},
    pages = {1796--1800},
    publisher = {IEEE},
    url = {http://ieeexplore.ieee.org/document/5450161/},
    isbn = {978-1-4244-5122-7},
    doi = {10.1109/PIMRC.2009.5450161},
    keywords = {Energy consumption, Error control, Informational value, Reliability, Sensor networks}
}

@inproceedings{Hu2010,
    title = {{A survey of physical-layer network coding in wireless networks}},
    year = {2010},
    booktitle = {2010 25th Biennial Symposium on Communications},
    author = {Hu, Peng and Ibnkahla, Mohamed},
    pages = {311--314},
    publisher = {IEEE},
    url = {http://ieeexplore.ieee.org/document/5472941/},
    isbn = {978-1-4244-5709-0},
    doi = {10.1109/BSC.2010.5472941},
    issn = {1874-4907},
    keywords = {a survey of physical-layer, communications, computer engineering, department of electrical and, h biennial symposium on, ibnkahla, network coding in wireless, networks, peng hu and mohamed}
}

@inproceedings{Barac2013,
    title = {{Channel coding and interleaving in Industrial WSN: abiding to timing constraints and bit error nature}},
    year = {2013},
    booktitle = {2013 IEEE International Workshop on Measurements {\&} Networking (M{\&}N)},
    author = {Barac, Filip and Gidlund, Mikael and Zhang, Tingting},
    month = {10},
    pages = {46--51},
    publisher = {IEEE},
    url = {http://ieeexplore.ieee.org/document/6663775/},
    isbn = {978-1-4673-2874-6},
    doi = {10.1109/IWMN.2013.6663775}
}

@inproceedings{Abo-Zahhad2015,
    title = {{An advanced energy consumption model for terrestrial wireless sensor networks}},
    year = {2015},
    booktitle = {5th International Conference on Energy Aware Computing Systems {\&} Applications},
    author = {Abo-Zahhad, Mohammed and Farrag, Mohammed and Ali, Abdelhay and Amin, Osama},
    month = {3},
    pages = {1--4},
    volume = {10},
    publisher = {IEEE},
    url = {http://ieeexplore.ieee.org/document/7352200/},
    isbn = {978-1-4799-1771-6},
    doi = {10.1109/ICEAC.2015.7352200},
    keywords = {9, Energy consumption, First order radio model, Performance eval- uation, Routing protocols, Wireless sensor network, authors present energy models, based on the energy, consumption, energy consumption, ignore the effect of, in, minimum energy consumption, model, optimal transmit power, overhead and error probability, the, wireless sensor network}
}

@article{LiangLi2010,
    title = {{An Energy-Efficient Error Correction Scheme for IEEE 802.15.4 Wireless Sensor Networks}},
    year = {2010},
    journal = {IEEE Transactions on Circuits and Systems II: Express Briefs},
    author = {{Liang Li} and Maunder, R.G. and Al-Hashimi, B.M. and Hanzo, L.},
    number = {3},
    month = {3},
    pages = {233--237},
    volume = {57},
    url = {http://ieeexplore.ieee.org/document/5431015/},
    doi = {10.1109/TCSII.2010.2043379},
    issn = {1549-7747},
    keywords = {Application specific integrated circuits, channel, coding, communication systems, energy conservation, networks, sensors.}
}

@inproceedings{Agarwal2007,
    title = {{Energy Driven Choice of Error Recovery Protocols in Embedded Sensor Network Systems}},
    year = {2007},
    booktitle = {2007 International Conference on Sensor Technologies and Applications (SENSORCOMM 2007)},
    author = {Agarwal, Rachit and Popovici, Emanuel and Feo, Oscar De and O'Flynn, Brendan},
    month = {10},
    pages = {560--565},
    publisher = {IEEE},
    url = {http://ieeexplore.ieee.org/document/4394979/},
    isbn = {0-7695-2988-7},
    doi = {10.1109/SENSORCOMM.2007.4394979}
}

@inproceedings{Samouni2015,
    title = {{Energy efficient of ARQ and FEC in wireless body area networks}},
    year = {2015},
    booktitle = {2015 Third World Conference on Complex Systems (WCCS)},
    author = {Samouni, Nabila and Jilbab, Abdelillah and Aboutajdine, Driss},
    month = {11},
    pages = {1--5},
    publisher = {IEEE},
    url = {http://ieeexplore.ieee.org/document/7483223/},
    isbn = {978-1-4673-9669-1},
    doi = {10.1109/ICoCS.2015.7483223},
    keywords = {Automatic Repeat reQuest (ARQ), Correction (FEC), Forward Error, Fountain codes, Wireless Body Area Networks (WBANs), energy consumption}
}

@inproceedings{Nandi2011,
    title = {{Energy Level Performance of Error Control Schemes in Wireless Sensor Networks}},
    year = {2011},
    booktitle = {2011 International Conference on Devices and Communications (ICDeCom)},
    author = {Nandi, Arnab and Kundu, Sumit},
    month = {2},
    pages = {1--5},
    publisher = {IEEE},
    url = {http://ieeexplore.ieee.org/document/5738561/},
    isbn = {978-1-4244-9189-6},
    doi = {10.1109/ICDECOM.2011.5738561},
    keywords = {Automatic Repeat Request (ARQ), Forward Error Control (FEC), Optimum FEC., Wireless Sensor Networks (WSNs), arq, automatic repeat request, consumption, correction, energy, fec, forward error, fountain codes, wbans, wireless body area networks}
}

@inproceedings{Abdullah2016,
    title = {{Design of a ZigBee based WSN with channel coding for energy and temperature monitoring}},
    year = {2016},
    booktitle = {2016 Al-Sadeq International Conference on Multidisciplinary in IT and Communication Science and Applications (AIC-MITCSA)},
    author = {Abdullah, Hikmat N. and Salman, Tariq M. and Alobaidy, Haider A. H.},
    month = {5},
    pages = {1--5},
    publisher = {IEEE},
    url = {http://ieeexplore.ieee.org/document/7759900/},
    isbn = {978-1-5090-3247-1},
    doi = {10.1109/AIC-MITCSA.2016.7759900},
    keywords = {Automation, Convolutional coding, IEEE 802.15.4, Monitoring, Wireless Sensor Network (WSN), ZigBee}
}

@article{Agarwal2017,
    title = {{Modeling Energy Consumption and Lifetime of a Wireless Sensor Node Operating on a Contention-Based MAC Protocol}},
    year = {2017},
    journal = {IEEE Sensors Journal},
    author = {Agarwal, Vivek and DeCarlo, Raymond A. and Tsoukalas, Lefteri H.},
    number = {16},
    month = {8},
    pages = {5153--5168},
    volume = {17},
    url = {http://ieeexplore.ieee.org/document/7970104/},
    doi = {10.1109/JSEN.2017.2722462},
    issn = {1530-437X},
    keywords = {CSMA/CA MAC protocol, Computational modeling, Energy consumption, Markov processes, Media Access Protocol, Numerical models, Schedule-driven sensor node, Sensors, Wald inequality, Wireless sensor networks, analytical model, carrier sense multiple access, carrier sense multiple access-collision avoidance, contention-based MAC protocol, cycle lifetime model, deterministic bounds, energy consumption, energy consumption modeling, load-dependent finite lifetime, numerical model, power management techniques, random stopping criteria, renewal theory, schedule-driven sensor node, schedule-driven sensor node per cycle energy consu, self- powered sensor node, stochastic energy model, stochastic processes, telecommunication power management, telecommunication scheduling, wireless sensor network, wireless sensor networks, wireless sensor node lifetime modeling}
}

@article{Sklar2004,
    title = {{The ABCs of linear block codes}},
    year = {2004},
    journal = {IEEE Signal Processing Magazine},
    author = {Sklar, Bernard and Harris, F.J.},
    number = {4},
    month = {7},
    pages = {14--35},
    volume = {21},
    url = {http://ieeexplore.ieee.org/document/1311137/},
    doi = {10.1109/MSP.2004.1311137},
    issn = {1053-5888}
}

@inproceedings{Yu2012,
    title = {{Adaptive forward error correction for best effort Wireless Sensor Networks}},
    year = {2012},
    booktitle = {2012 IEEE International Conference on Communications (ICC)},
    author = {Yu, Kan and Barac, Filip and Gidlund, Mikael and Akerberg, Johan},
    month = {6},
    pages = {7104--7109},
    publisher = {IEEE},
    url = {http://ieeexplore.ieee.org/document/6364798/},
    isbn = {978-1-4577-2053-6},
    doi = {10.1109/ICC.2012.6364798},
    issn = {15503607}
}

@article{Biswas2015,
    title = {{An Analytical Model for Lifetime Estimation of Wireless Sensor Networks}},
    year = {2015},
    journal = {IEEE Communications Letters},
    author = {Biswas, Kamanashis and Muthukkumarasamy, Vallipuram and Wu, Xin-Wen and Singh, Kalvinder},
    number = {9},
    month = {9},
    pages = {1584--1587},
    volume = {19},
    url = {http://ieeexplore.ieee.org/document/7152838/},
    isbn = {1089-7798 VO - 19},
    doi = {10.1109/LCOMM.2015.2453974},
    issn = {1089-7798},
    keywords = {Wireless sensor network, link, network lifetime, quality, remaining energy., retransmission}
}

@inproceedings{UdinHarunAlRasyid2013,
    title = {{Beacon-enabled IEEE 802.15.4 wireless sensor network performance}},
    year = {2013},
    booktitle = {2013 IEEE International Conference on Communication, Networks and Satellite (COMNETSAT)},
    author = {Udin Harun Al Rasyid, M. and Saputra, Ferry Astika and Hadi, Zen Samsono and Fahmi, Alfian},
    month = {12},
    pages = {46--49},
    publisher = {IEEE},
    url = {http://ieeexplore.ieee.org/lpdocs/epic03/wrapper.htm?arnumber=6870858},
    isbn = {978-1-4673-6056-2},
    doi = {10.1109/COMNETSAT.2013.6870858},
    keywords = {CSMA/CA, Wireless sensor network, beacon-enabled, human dynamics, network form, performance, topology}
}

@inproceedings{Elshabrawy2011,
    title = {{Computationally efficient implementation for incremental redundancy within wireless networks}},
    year = {2011},
    booktitle = {2011 IEEE 22nd International Symposium on Personal, Indoor and Mobile Radio Communications},
    author = {Elshabrawy, Tallal and Elsharkawy, Mottaz},
    month = {9},
    pages = {1051--1055},
    publisher = {IEEE},
    url = {http://ieeexplore.ieee.org/document/6139657/},
    isbn = {978-1-4577-1348-4},
    doi = {10.1109/PIMRC.2011.6139657},
    issn = {2166-9570},
    keywords = {HARQ, Incremental Redundancy, RCPC, Viterbi decoding, computations efficiency, decoding energy}
}

@inproceedings{Vuran2006,
    title = {{Cross-Layer Analysis of Error Control in Wireless Sensor Networks}},
    year = {2006},
    booktitle = {2006 3rd Annual IEEE Communications Society on Sensor and Ad Hoc Communications and Networks},
    author = {Vuran, Mehmet and Akyildiz, Ian},
    pages = {585--594},
    volume = {2},
    publisher = {IEEE},
    url = {http://ieeexplore.ieee.org/document/4068316/},
    isbn = {1-4244-0626-9},
    doi = {10.1109/SAHCN.2006.288515},
    keywords = {ARQ, Automatic repeat request, Delay, Energy consumption, Energy efficiency, Error analysis, Error correction, FEC codes, Forward error correction, Power control, Routing, Wireless sensor networks, access protocols, cross-layer error control mechanisms, end-to-end distance, end-to-end latency, energy constraints, error correction codes, hop length extension, medium access, multihop routing effects, physical layers, power communication requirements, routing protocols, telecommunication congestion control, transmit power control, wireless channel, wireless channels}
}

@inproceedings{BingxinShen2008,
    title = {{Error correction in heterogeneous wireless sensor networks}},
    year = {2008},
    booktitle = {2008 24th Biennial Symposium on Communications},
    author = {{Bingxin Shen} and Abedi, Ali},
    month = {6},
    pages = {111--114},
    publisher = {IEEE},
    url = {http://ieeexplore.ieee.org/document/4563217/},
    isbn = {978-1-4244-1945-6},
    doi = {10.1109/BSC.2008.4563217}
}

@inproceedings{XinDong2013,
    title = {{Exploiting soil moisture information for adaptive error control in wireless underground sensor networks}},
    year = {2013},
    booktitle = {2013 IEEE Global Communications Conference (GLOBECOM)},
    author = {{Xin Dong} and Vuran, Mehmet C.},
    month = {12},
    pages = {97--102},
    publisher = {IEEE},
    url = {http://ieeexplore.ieee.org/document/6831054/},
    isbn = {978-1-4799-1353-4},
    doi = {10.1109/GLOCOM.2013.6831054}
}

@inproceedings{Yitbarek2014,
    title = {{Implementation and evaluation of error control schemes in Industrial Wireless Sensor Networks}},
    year = {2014},
    booktitle = {2014 IEEE International Conference on Industrial Technology (ICIT)},
    author = {Yitbarek, Yonas Hagos and Yu, Kan and Akerberg, Johan and Gidlund, Mikael and Bjorkman, Mats},
    month = {2},
    pages = {730--735},
    publisher = {IEEE},
    url = {http://ieeexplore.ieee.org/lpdocs/epic03/wrapper.htm?arnumber=6895022},
    isbn = {978-1-4799-3939-8},
    doi = {10.1109/ICIT.2014.6895022}
}

@article{Barac2014,
    title = {{Scrutinizing Bit- and Symbol-Errors of IEEE 802.15.4 Communication in Industrial Environments}},
    year = {2014},
    journal = {IEEE Transactions on Instrumentation and Measurement},
    author = {Barac, Filip and Gidlund, Mikael and Zhang, Tingting},
    number = {7},
    month = {7},
    pages = {1783--1794},
    volume = {63},
    url = {http://ieeexplore.ieee.org/document/6693678/},
    isbn = {0018-9456},
    doi = {10.1109/TIM.2013.2293235},
    issn = {0018-9456},
    keywords = {Error patterns, IEEE 802.15.4, forward error correction (FEC), industrial wireless sensor network (WSN), interleaving.}
}

@inproceedings{Murali2010,
    title = {{A Generalized Energy Consumption Model for Wireless Sensor Networks}},
    year = {2010},
    booktitle = {2010 International Conference on Computational Intelligence and Communication Networks},
    author = {Murali, P and Challa, A and Kasyap, M R and Hota, C},
    month = {11},
    pages = {210--213},
    publisher = {IEEE},
    url = {http://ieeexplore.ieee.org/lpdocs/epic03/wrapper.htm?arnumber=5701965},
    isbn = {978-1-4244-8653-3},
    doi = {10.1109/CICN.2010.51},
    keywords = {Energy aware, Wireless N, Wireless Sensor Networks}
}

@inproceedings{Libman2005,
    title = {{Retransmission Strategies for Wireless Connections with Resource-Limited Devices}},
    year = {2005},
    booktitle = {Second International Conference on Quality of Service in Heterogeneous Wired/Wireless Networks (QSHINE'05)},
    author = {Libman, Lavy},
    pages = {36--36},
    volume = {2005},
    publisher = {IEEE},
    url = {http://ieeexplore.ieee.org/document/1551096/},
    isbn = {0-7695-2423-0},
    doi = {10.1109/QSHINE.2005.50}
}

@article{Yang2006,
    title = {{Networked control system: a brief survey}},
    year = {2006},
    journal = {IEE Proceedings - Control Theory and Applications},
    author = {Yang, T.C.},
    number = {4},
    month = {7},
    pages = {403--412},
    volume = {153},
    url = {http://digital-library.theiet.org/content/journals/10.1049/ip-cta_20050178},
    isbn = {9781479902248},
    doi = {10.1049/ip-cta:20050178},
    issn = {1350-2379}
}

@article{Gomes2013,
    title = {{Desafios de Redes de Sensores sem Fio Industriais}},
    year = {2013},
    journal = {Revista de Tecnologia da Informa{\c{c}}{\~{a}}o e Comunica{\c{c}}{\~{a}}o},
    author = {Gomes, R.D. and Alencar, M.S. and Fonseca, I.E. and Lima Filho, A.C.},
    number = {1},
    month = {12},
    pages = {16--27},
    volume = {4},
    url = {http://www.bibliotekevirtual.org/index.php/2013-02-07-03-02-35/2013-02-07-03-03-11/265-rtic/v04n01/2089-v04n01a03.html},
    doi = {10.12721/2237-5112.v04n01a03},
    issn = {22375112},
    keywords = {Estima{\c{c}}{\~{a}}o de Qualidade de Canal., Qua-lidade de Servi{\c{c}}o em RSSF, Redes de Sensores sem Fio Industriais}
}

@article{Sisinni2016,
    title = {{Design and implementation of a wireless sensor network for temperature sensing in hostile environments}},
    year = {2016},
    journal = {Sensors and Actuators A: Physical},
    author = {Sisinni, E and Depari, A and Flammini, A},
    month = {1},
    pages = {47--55},
    volume = {237},
    publisher = {Elsevier B.V.},
    url = {https://linkinghub.elsevier.com/retrieve/pii/S0924424715302259},
    doi = {10.1016/j.sna.2015.11.012},
    issn = {09244247},
    keywords = {High temperature techniqu, Wireless sensor network}
}

@article{AlAgha2009,
    title = {{Which Wireless Technology for Industrial Wireless Sensor Networks? The Development of OCARI Technology}},
    year = {2009},
    journal = {IEEE Transactions on Industrial Electronics},
    author = {Al Agha, K. and Bertin, M.-H. and Dang, Tuan and Guitton, Alexandre and Minet, Pascale and Val, Thierry and Viollet, J.-B.},
    number = {10},
    month = {10},
    pages = {4266--4278},
    volume = {56},
    url = {http://ieeexplore.ieee.org/document/5173521/},
    doi = {10.1109/TIE.2009.2027253},
    issn = {0278-0046},
    keywords = {IEEE 802.15.4, ISA100.11a, ZigBee, ad hoc networks, ber, wireleshart}
}

@article{Gungor2009,
    title = {{Industrial Wireless Sensor Networks: Challenges, Design Principles, and Technical Approaches}},
    year = {2009},
    journal = {IEEE Transactions on Industrial Electronics},
    author = {Gungor, V.C. and Hancke, G.P.},
    number = {10},
    month = {10},
    pages = {4258--4265},
    volume = {56},
    url = {http://ieeexplore.ieee.org/document/4796311/},
    isbn = {0278-0046 VO - 56},
    doi = {10.1109/TIE.2009.2015754},
    issn = {0278-0046},
    keywords = {6LoWPAN, Cross-layer design, ISA100, ZigBee, industrial wireless sensor networks (IWSNs), ultrawideband (UWB), wireless HART}
}

@article{Tanghe2008,
    title = {{The industrial indoor channel: large-scale and temporal fading at 900, 2400, and 5200 MHz}},
    year = {2008},
    journal = {IEEE Transactions on Wireless Communications},
    author = {Tanghe, Emmeric and Joseph, Wout and Verloock, Leen and Martens, Luc and Capoen, Henk and Herwegen, Kobe and Vantomme, Wim},
    number = {7},
    month = {7},
    pages = {2740--2751},
    volume = {7},
    url = {http://ieeexplore.ieee.org/document/4570240/},
    isbn = {1536-1276},
    doi = {10.1109/TWC.2008.070143},
    issn = {1536-1276},
    keywords = {Industrial environment, Large-scale fading, Path loss, Propagation, Temporal fading, Topography}
}

@inproceedings{Akerberg2011,
    title = {{Measurements on an industrial wireless HART network supporting PROFIsafe: A case study}},
    year = {2011},
    booktitle = {ETFA2011},
    author = {Akerberg, Johan and Gidlund, Mikael and Reichenbach, Frank and Bjorkman, Mats},
    month = {9},
    pages = {1--8},
    publisher = {IEEE},
    url = {http://ieeexplore.ieee.org/document/6059011/},
    isbn = {978-1-4577-0017-0},
    doi = {10.1109/ETFA.2011.6059011},
    issn = {1946-0740}
}

@inproceedings{Isci2006a,
    title = {{An Analysis of Efficient Multi-Core Global Power Management Policies: Maximizing Performance for a Given Power Budget}},
    year = {2006},
    booktitle = {2006 39th Annual IEEE/ACM International Symposium on Microarchitecture (MICRO'06)},
    author = {Isci, Canturk and Buyuktosunoglu, Alper and Cher, Chen-yong and Bose, Pradip and Martonosi, Margaret},
    month = {12},
    pages = {347--358},
    publisher = {IEEE},
    url = {http://ieeexplore.ieee.org/document/4041859/},
    isbn = {0-7695-2732-9},
    doi = {10.1109/MICRO.2006.8},
    issn = {1072-4451}
}

@inproceedings{Usman2013,
    title = {{A comparative study of voltage/frequency scaling in NoC}},
    year = {2013},
    booktitle = {IEEE International Conference on Electro-Information Technology , EIT 2013},
    author = {Usman, Saeeda and Khan, Samee U. and Khan, Sikandar},
    month = {5},
    pages = {1--5},
    publisher = {IEEE},
    url = {http://ieeexplore.ieee.org/document/6632716/},
    isbn = {978-1-4673-5208-6},
    doi = {10.1109/EIT.2013.6632716},
    issn = {21540357},
    keywords = {CMOS integrated circuits, Clocks, Computers, Energy efficiency, Multicore processing, Network-on-chip, NoC, Voltage control, dynamic voltage and frequency scaling, energy efficient multicore network-on-chip, energy minimizing techniques, frequency scaling, leakage power, network-on-chip, optimized performance, power aware computing, voltage scaling}
}

@inproceedings{Banerjee2001,
    title = {{Analysis and optimization of thermal issues in high-performance VLSI}},
    year = {2001},
    booktitle = {Proceedings of the 2001 international symposium on Physical design - ISPD '01},
    author = {Banerjee, Kaustav and Pedram, Massoud and Ajami, Amir H.},
    pages = {230--237},
    publisher = {ACM Press},
    url = {http://portal.acm.org/citation.cfm?doid=369691.369779},
    address = {New York, New York, USA},
    isbn = {1581133472},
    doi = {10.1145/369691.369779}
}

@article{IEEEStandard2006,
    title = {{Part 15.4 : Wireless Medium Access Control (MAC) and Physical Layer (PHY) Specifications}},
    year = {2006},
    journal = {IEEE Std 802.15.4-2006},
    author = {{IEEE Standard}},
    pages = {1--26},
    url = {https://ieeexplore.ieee.org/servlet/opac?punumber=4152702 https://ieeexplore.ieee.org/document/4152704},
    isbn = {0738149969},
    doi = {10.1109/IEEESTD.2006.232110}
}

@article{Gama2017,
    title = {{Adaptive Wavelet Coding Applied in a Wireless Control System}},
    year = {2017},
    journal = {Sensors},
    author = {Gama, Felipe and Silveira, Luiz and Salazar, Andrés},
    number = {12},
    month = {12},
    pages = {2901},
    volume = {17},
    url = {http://www.mdpi.com/1424-8220/17/12/2901},
    doi = {10.3390/s17122901},
    issn = {1424-8220},
    keywords = {Control loop, Rayleigh fading, Time diversity, Wavelet coding, Wireless communications}
}

@inproceedings{Sadeghi2006,
    title = {{Analysis of Error Control Code Use in Utra-Low-Power Wireless Sensor Networks}},
    year = {2006},
    booktitle = {2006 IEEE International Symposium on Circuits and Systems},
    author = {Sadeghi, N and Iniewski, K and Howard, S and Gaudet, V.C. and Kasnavi, S and Schiegel, C.},
    pages = {3558--3561},
    publisher = {IEEE},
    url = {papers2://publication/uuid/FA579CA9-5E13-4406-A9B7-91CA59745F30 http://ieeexplore.ieee.org/document/1693395/},
    isbn = {0-7803-9389-9},
    doi = {10.1109/ISCAS.2006.1693395},
    issn = {0780393899}
}

@inproceedings{Tian2008,
    title = {{Energy Efficiency Analysis of Error Control Schemes in Wireless Sensor Networks}},
    year = {2008},
    booktitle = {2008 International Wireless Communications and Mobile Computing Conference},
    author = {Tian, Zhen and Yuan, Dongfeng and Liang, Quanquan},
    number = {60672036},
    month = {8},
    pages = {401--405},
    publisher = {IEEE},
    url = {http://ieeexplore.ieee.org/xpl/login.jsp?tp=&arnumber=4599969&url=http://ieeexplore.ieee.org/xpls/abs_all.jsp?arnumber=4599969 http://ieeexplore.ieee.org/document/4599969/},
    isbn = {978-1-4244-2201-2},
    doi = {10.1109/IWCMC.2008.70},
    keywords = {Automatic repeat request, Energy consumption, Energy efficiency, Error analysis, Error correction, Forward error correction, Mathematical analysis, Sensor phenomena and characterization, Wireless application protocol, Wireless sensor networks, automatic repeat request, broadcast channel, broadcast channels, data communication, data transmission, energy efficiency analysis, error control schemes, forward error correction, multi-hop structure, telecommunication control, telecommunication network reliability, wireless sensor networks}
}

@article{LIMA2014,
    title = {{Parallel Cyclostationarity-Exploiting Algorithm for Energy-Efficient Spectrum Sensing}},
    year = {2014},
    journal = {IEICE Transactions on Communications},
    author = {LIMA, Arthur D.D. and BARROS, Carlos A. and SILVEIRA, Luiz Felipe Q. and XAVIER-DE-SOUZA, Samuel and VALDERRAMA, Carlos A.},
    number = {2},
    pages = {326--333},
    volume = {E97.B},
    url = {http://jlc.jst.go.jp/DN/JST.JSTAGE/transcom/E97.B.326?lang=en&from=CrossRef&type=abstract},
    doi = {10.1587/transcom.E97.B.326},
    issn = {0916-8516},
    keywords = {Cognitive radio, Cyclostationarity, Low power, Parallel scalability, Spectrum sensing}
}

@article{Barros2015,
    title = {{Optimal processor dynamic-energy reduction for parallel workloads on heterogeneous multi-core architectures}},
    year = {2015},
    journal = {Microprocessors and Microsystems},
    author = {Barros, C.A. and Silveira, L.F.Q. and Valderrama, C.A. and Xavier-de-Souza, S.},
    number = {6},
    month = {8},
    pages = {418--425},
    volume = {39},
    publisher = {Elsevier B.V.},
    url = {http://dx.doi.org/10.1016/j.micpro.2015.05.009 https://linkinghub.elsevier.com/retrieve/pii/S0141933115000617},
    doi = {10.1016/j.micpro.2015.05.009},
    issn = {01419331},
    keywords = {CMOS power, Energy savings, Heterogeneous architectures, Multi-core processors, Parallel scalability}
}

@book{PrysmianCablesandSystems2006,
    title = {{Instala{\c{c}}ões El{\'{e}}tricas Residenciais}},
    year = {2006},
    author = {{Prysmian Cables and Systems}},
    month = {10},
    pages = {136},
    publisher = {Victory Propaganda e Marketing Ltda.},
    url = {http://br.prysmiangroup.com/br/files/manual_instalacao.pdf},
    isbn = {85-7194-541-1},
    keywords = {Prysmian Cables and Systems}
}

@book{Alexander2013,
    title = {{Fundamentos de Circuitos El{\'{e}}tricos}},
    year = {2013},
    booktitle = {Fundamentos de Circuitos El{\'{e}}tricos},
    author = {Alexander, Charles K. and Sadiku, Matthew N. O.},
    edition = {5},
    number = {9},
    pages = {894},
    volume = {53},
    publisher = {Mc Graw Hill},
    address = {Porto Alegre, RS},
    keywords = {Sadiku}
}

@book{Neoenergia2017,
    title = {{Fornecimento de Energia El{\'{e}}trica em Tens{\~{a}}o Secund{\'{a}}ria de Distribui{\c{c}}{\~{a}}o e Edifica{\c{c}}ões Individuais}},
    year = {2017},
    author = {Neoenergia, Grupo},
    edition = {02},
    month = {7},
    url = {http://servicos.cosern.com.br/residencial-rural/Pages/Informações/normas-e-padroes.aspx http://servicos.cosern.com.br/Documents/Normas e Padrões/NOR.DISTRIBU-ENGE-0021 - Forn de Energia Elétrica em Tensão Secundária de Distrib a Edificações Individuais -}
}

@book{Projetos1997,
    title = {{NBR 5410 Instala{\c{c}}ões el{\'{e}}tricas de baixa tens{\~{a}}o}},
    year = {1997},
    booktitle = {Rio de janeiro},
    author = {Projetos, Os and Brasileira, De Norma}
}

@article{Souza2009,
    title = {{Apostila de acionamentos el{\'{e}}tricos}},
    year = {2009},
    author = {Souza, Neemias Silva},
    month = {11}
}

@book{Berrou2010,
    title = {{Codes and Turbo Codes}},
    year = {2010},
    author = {Berrou, Claude},
    editor = {Berrou, Claude},
    pages = {400},
    publisher = {Springer Paris},
    url = {http://link.springer.com/10.1007/978-2-8178-0039-4},
    address = {Paris},
    isbn = {978-2-8178-0038-7},
    doi = {10.1007/978-2-8178-0039-4}
}

@book{Wilson1996,
    title = {{Digital modulation and coding}},
    year = {1996},
    author = {Wilson, Stephen G.},
    pages = {677},
    publisher = {Prentice Hall},
    url = {https://dl.acm.org/citation.cfm?id=206750},
    isbn = {0132100711}
}

@book{Wicker1995,
    title = {{Error control systems for digital communication and storage}},
    year = {1995},
    author = {Wicker, Stephen B.},
    pages = {512},
    publisher = {Prentice Hall},
    url = {https://dl.acm.org/citation.cfm?id=197029 http://books.google.com/books?id=7_hSAAAAMAAJ&pgis=1},
    isbn = {0132008092}
}

@book{Sklar2001,
    title = {{Digital communications : fundamentals and applications}},
    year = {2001},
    author = {Sklar, Bernard},
    pages = {1079},
    publisher = {Prentice-Hall PTR},
    url = {https://books.google.com.br/books/about/Digital_communications.html?id=Bh4fAQAAIAAJ&redir_esc=y},
    isbn = {0130847887}
}

@book{Osman2009,
    title = {{Contemporary Coding Techniques and Applications for Mobile Communications}},
    year = {2009},
    author = {Osman, Onur. and Ucan, Osman},
    month = {5},
    pages = {327},
    publisher = {Auerbach Publications},
    url = {http://www.books24x7.com/toc.aspx?bookid=26408 https://www.taylorfrancis.com/books/9781420054620},
    isbn = {978-1-4200-5461-3},
    doi = {10.1201/9781420054620}
}

@article{Busse2010,
    title = {{Textos acad{\^{e}}micos sobre efici{\^{e}}ncia energ{\'{e}}tica: uma amostra quantitativa dos {\'{u}}ltimos 40 anos de pesquisa}},
    year = {2010},
    journal = {wqwqwqw},
    author = {Busse, Bruna Nascimento},
    pages = {1--13}
}

@inproceedings{Daniel2015,
    title = {{Sizing vertical heat exchanger for an air conditioning system using a geothermal heat pump for social interest houses}},
    year = {2015},
    booktitle = {2015 IEEE International Autumn Meeting on Power, Electronics and Computing (ROPEC)},
    author = {Daniel, A. Martinez and Crisanto, M. Covarrubias and G. Pedraza O. Javier, P and Jesus, Ibarra J. and Cuauhtemoc, G. Sanchez H.},
    month = {11},
    pages = {1--6},
    publisher = {IEEE},
    url = {http://ieeexplore.ieee.org/document/7395144/},
    isbn = {978-1-4673-7121-6},
    doi = {10.1109/ROPEC.2015.7395144},
    keywords = {heat pumps, vertical heat exchanger}
}