@inproceedings{zhang2015filtered,
  title={Filtered-OFDM-enabler for flexible waveform in the 5th generation cellular networks},
  author={Zhang, Xi and Jia, Ming and Chen, Lei and Ma, Jianglei and Qiu, Jing},
  booktitle={2015 IEEE Global Communications Conference (GLOBECOM)},
  pages={1--6},
  year={2015},
  organization={IEEE}
}


@inproceedings{cheng2016filtered,
  title={A filtered OFDM using FIR filter based on window function method},
  author={Cheng, Xudong and He, Yejun and Ge, Baohong and He, Chunlong},
  booktitle={2016 IEEE 83rd Vehicular Technology Conference (VTC Spring)},
  pages={1--5},
  year={2016},
  organization={IEEE}
}

@inproceedings{de2019comparing,
  title={Comparing f-OFDM and OFDM performance for MIMO systems considering a 5G scenario},
  author={de Figueiredo, Felipe AP and Aniceto, Nath{\'a}lia FT and Seki, Jorge and Moerman, Ingrid and Fraidenraich, Gustavo},
  booktitle={2019 IEEE 2nd 5G World Forum (5GWF)},
  pages={532--535},
  year={2019},
  organization={IEEE}
}

@inproceedings{abdoli2015filtered,
  title={Filtered OFDM: A new waveform for future wireless systems},
  author={Abdoli, Javad and Jia, Ming and Ma, Jianglei},
  booktitle={2015 IEEE 16th International Workshop on Signal Processing Advances in Wireless Communications (SPAWC)},
  pages={66--70},
  year={2015},
  organization={IEEE}
}

@article{al2020improving,
  title={Improving PAPR performance of filtered OFDM for 5G communications using PTS},
  author={Al-Jawhar, Yasir Amer and Ramli, Khairun N and Taher, Montadar Abas and Shah, Nor Shahida M and Mostafa, Salama A and Khalaf, Bashar Ahmed},
  journal={ETRI Journal},
  year={2020},
  publisher={Wiley Online Library}
}

@article{zhang2017filtered,
  title={Filtered OFDM systems, algorithms, and performance analysis for 5G and beyond},
  author={Zhang, Lei and Ijaz, Ayesha and Xiao, Pei and Molu, Mehdi M and Tafazolli, Rahim},
  journal={IEEE Transactions on Communications},
  volume={66},
  number={3},
  pages={1205--1218},
  year={2017},
  publisher={IEEE}
}

@article{wen2009hanning,
  title={Hanning self-convolution window and its application to harmonic analysis},
  author={Wen, He and Teng, Zhaosheng and Guo, SiYu and Wang, JingXun and Yang, BuMing and Wang, Yi and Chen, Tao},
  journal={Science in China Series E: Technological Sciences},
  volume={52},
  number={2},
  pages={467--476},
  year={2009},
  publisher={Springer}
}